@inproceedings{rykhlevskii_online_2017,
	address = {Washington, DC, United States},
	title = {Online reprocessing simulation for thorium-fueled molten salt breeder reactor},
	abstract = {The current paper presents a single-cell model developed using the continuous-energy Serpent 2 Monte Carlo reactor physics software. It was employed to establish a Serpent- based method for finding the equilibrium core composition and core depletion of the Molten Salt Breeder Reactor (MSBR).},
	booktitle = {Transactions of the {American} {Nuclear} {Society}},
	publisher = {American Nuclear Society},
	author = {Rykhlevskii, Andrei and Lindsay, Alexander and Huff, Kathryn D.},
	month = nov,
	year = {2017},
	file = {msbr_reproc.pdf:/Users/khuff/Zotero/storage/PASSAITQ/msbr_reproc.pdf:application/pdf}
}
